<?xml version="1.0" encoding="UTF-8"?><collection xmlns="http://www.loc.gov/MARC21/slim"><record><leader>00401nam--2200133-i-4500</leader><controlfield tag="001">000008832</controlfield><controlfield tag="002">20161230</controlfield><controlfield tag="005">20161230201027</controlfield><controlfield tag="008">060222s1000------------r-----000-0-eng-d</controlfield><datafield ind1=" " ind2=" " tag="080"><subfield code="a">66:621</subfield></datafield><datafield ind1=" " ind2=" " tag="100"><subfield code="a">Buchter, H.Hugo</subfield></datafield><datafield ind1=" " ind2=" " tag="245"><subfield code="a">Apparate und armaturen der chemischen hochdruc ktechnik.konstruktion, berechnung und herstell ung</subfield></datafield><datafield ind1=" " ind2=" " tag="260"><subfield code="a">Berlin, Springer-verlag, 1967. Xxiii + 672 P</subfield></datafield><datafield ind1=" " ind2=" " tag="852"><subfield code="a">30644</subfield></datafield></record></collection>